@ARTICLE{Sheikh1970,
  author = {J. N. Al-Sheikh, D. E. Saunders, R. S. Brodkey},
  title = {Prediction of Flow Patterns in Horizonal Two-Phase Pipe Flow},
  journal = {The Canadian Journal of Chemical Engineering},
  year = {1970},
  volume = {48},
  pages = {21-29},
  owner = {llloyd},
  timestamp = {2012.07.27}
}